<?xml version="1.0" encoding="UTF-8"?><record xmlns="http://www.loc.gov/MARC21/slim" xmlns:cinclude="http://apache.org/cocoon/include/1.0" xmlns:zs="http://www.loc.gov/zing/srw/">
  <leader>00367cz  a2200121n  4500</leader>
  <controlfield tag="001">n 2002025315</controlfield>
  <controlfield tag="003">DLC</controlfield>
  <controlfield tag="005">20121220074907.0</controlfield>
  <controlfield tag="008">020212n| azannaabn          |n aaa      </controlfield>
  <datafield tag="010" ind1=" " ind2=" ">
    <subfield code="a">n 2002025315</subfield>
  </datafield>
  <datafield tag="040" ind1=" " ind2=" ">
    <subfield code="a">DLC</subfield>
    <subfield code="b">eng</subfield>
    <subfield code="e">rda</subfield>
    <subfield code="c">DLC</subfield>
    <subfield code="d">DLC</subfield>
  </datafield>
  <datafield tag="100" ind1="1" ind2=" ">
    <subfield code="a">Marinetti, F. T.,</subfield>
    <subfield code="d">1876-1944.</subfield>
    <subfield code="t">Tattilismo</subfield>
  </datafield>
  <datafield tag="670" ind1=" " ind2=" ">
    <subfield code="a">Alla scoperta di nuovi sensi, 2001:</subfield>
    <subfield code="b">p. 83 (F.T. Marinetti, Il tattilismo)</subfield>
  </datafield>
</record>